<?xml version = "1.0" encoding = "UTF-8"?><OAI-PMH xmlns="http://www.openarchives.org/OAI/2.0/" xmlns:xsi="http://www.w3.org/2001/XMLSchema-instance" xsi:schemaLocation="http://www.openarchives.org/OAI/2.0/ http://www.openarchives.org/OAI/2.0/OAI-PMH.xsd"><ListRecords><record><header><identifier>aleph-publish:016696189</identifier></header><metadata><record xmlns="http://www.ddb.de/professionell/mabxml/mabxml-1.xsd"><leader>------M2.01200024------h</leader><controlfield tag="LDR">------M2.01200024------h</controlfield><controlfield tag="FMT">MH</controlfield><datafield tag="001" ind1="-" ind2="1"><subfield code="a">HT015566624</subfield></datafield><datafield tag="002" ind1="a" ind2="1"><subfield code="a">20080618</subfield></datafield><datafield tag="026" ind1="-" ind2="1"><subfield code="a">HBZHT015566624</subfield></datafield><controlfield tag="030">a|1uc||||||37</controlfield><datafield tag="036" ind1="a" ind2="1"><subfield code="a">XA-DE</subfield></datafield><datafield tag="037" ind1="b" ind2="1"><subfield code="a">eng</subfield></datafield><controlfield tag="050">||||||||g|||||</controlfield><controlfield tag="051">my||||||</controlfield><datafield tag="070" ind1="-" ind2="1"><subfield code="a">38</subfield></datafield><datafield tag="078" ind1="d" ind2="1"><subfield code="a">lzDiss</subfield></datafield><datafield tag="078" ind1="i" ind2="1"><subfield code="a">iall</subfield></datafield><datafield tag="080" ind1="-" ind2="1"><subfield code="a">60</subfield></datafield><datafield tag="100" ind1="b" ind2="1"><subfield code="p">Schwab, Melanie</subfield><subfield code="d">1978-</subfield><subfield code="9">(DE-588)13571186X</subfield></datafield><datafield tag="331" ind1="-" ind2="1"><subfield code="a">Identification of novel seed dormancy mutants in Arabidopsis thaliana and molecular and biochemical characterization of the seed dormancy gene DOG1</subfield></datafield><datafield tag="334" ind1="-" ind2="1"><subfield code="a">Elektronische Ressource</subfield></datafield><datafield tag="359" ind1="-" ind2="1"><subfield code="a">vorgelegt von Melanie Schwab</subfield></datafield><datafield tag="425" ind1="a" ind2="1"><subfield code="a">2008</subfield></datafield><datafield tag="517" ind1="-" ind2="1"><subfield code="a">Zsfassung in dt. und engl. Sprache</subfield></datafield><datafield tag="519" ind1="-" ind2="1"><subfield code="a">Köln, Univ., Diss., 2008</subfield></datafield><datafield tag="527" ind1="-" ind2="1"><subfield code="p">Druckausg. u.d.T.</subfield><subfield code="a">Schwab, Melanie: Identification of novel seed dormancy mutants in Arabidopsis thaliana and molecular and biochemical characterization of the seed dormancy gene DOG1</subfield></datafield><datafield tag="552" ind1="b" ind2="1"><subfield code="a">urn:nbn:de:hbz:38-23930</subfield></datafield><datafield tag="651" ind1="-" ind2="1"><subfield code="a">Systemvoraussetzungen</subfield><subfield code="b">Internet-Anschluß ; Acrobat Reader</subfield></datafield><datafield tag="652" ind1="a" ind2="1"><subfield code="a">Online-Ressource</subfield></datafield><datafield tag="655" ind1="e" ind2="1"><subfield code="u">http://kups.ub.uni-koeln.de/volltexte/2008/2393/</subfield></datafield><datafield tag="673" ind1="c" ind2="1"><subfield code="a">Köln</subfield><subfield code="9">2015732-0</subfield></datafield><controlfield tag="SYS">016696189</controlfield><datafield tag="LOW" ind1="-" ind2="1"><subfield code="a">K0001</subfield></datafield><datafield tag="088" ind1=" " ind2=" "><subfield code="a">38</subfield></datafield><datafield tag="655" ind1="e" ind2="9"><subfield code="z">Frei zugänglich</subfield><subfield code="2">K0001</subfield></datafield></record></metadata></record></ListRecords></OAI-PMH>